@article{caprara1999tightness,
  title={On the tightness of the alternating-cycle lower bound for sorting by reversals},
  author={Caprara, Alberto},
  journal={Journal of Combinatorial Optimization},
  volume={3},
  number={2-3},
  pages={149--182},
  year={1999},
  publisher={Springer}
}
@incollection{xu2011gasts,
  title={GASTS: parsimony scoring under rearrangements},
  author={Xu, Andrew Wei and Moret, Bernard ME},
  booktitle={Algorithms in Bioinformatics},
  pages={351--363},
  year={2011},
  publisher={Springer}
}
@article{desper2002fast,
  title={Fast and accurate phylogeny reconstruction algorithms based on the minimum-evolution principle},
  author={Desper, Richard and Gascuel, Olivier},
  journal={Journal of computational biology},
  volume={9},
  number={5},
  pages={687--705},
  year={2002},
  publisher={Mary Ann Liebert, Inc.}
}
@article{Robinson1981,
  doi = {10.1016/0025-5564(81)90043-2},
  url = {http://dx.doi.org/10.1016/0025-5564(81)90043-2},
  year  = {1981},
  month = {feb},
  publisher = {Elsevier {BV}},
  volume = {53},
  number = {1-2},
  pages = {131--147},
  author = {D.F. Robinson and L.R. Foulds},
  title = {Comparison of phylogenetic trees},
  journal = {Mathematical Biosciences}
}
@article{Alekseyev2009,
    author = {M.~A. Alekseyev and P.~A. Pevzner},
    title = {Breakpoint Graphs and Ancestral Genome Reconstructions},
    journal = {Genome Res},
    year = {2009, May},
    volume = {19(5), pp. 943-57},
}
@article{Kolmogorov2014,
  title={Ragoutâ€”a reference-assisted assembly tool for bacterial genomes},
  author={Kolmogorov, Mikhail and Raney, Brian and Paten, Benedict and Pham, Son},
  journal={Bioinformatics},
  volume={30},
  number={12},
  pages={i302--i309},
  year={2014},
  publisher={Oxford Univ Press}
}
@incollection{xu2010exploring,
  title={On exploring genome rearrangement phylogenetic patterns},
  author={Xu, Andrew Wei},
  booktitle={Comparative Genomics},
  pages={121--136},
  year={2010},
  publisher={Springer}
}
